@article{postfix-backscatter,
    author  = "Wietse Venema",
    url     = "http://www.postfix.org/BACKSCATTER_README.html",
    title   = "Postfix Backscatter Howto",
    year    = 2007,
    journal = "Postfix documentation",
}

        
@article{openspf,
    author  = "The SPF Council",
    url     = "http://www.openspf.org/",
    title   = "SPF: Project Overview",
    year    = 2007,
    journal = "SPF Website",
}

@article{wikipedia-spf,
    author  = "Wikipedia",
    url     = "http://en.wikipedia.org/wiki/Sender_Policy_Framework",
    title   = "Sender Policy Framework",
    year    = 2007,
    journal = "Wikipedia, the free encyclopedia",
}

@article{wikipedia-joe-job,
    author  = "Wikipedia",
    url     = "http://en.wikipedia.org/wiki/Joe_job",
    title   = "Joe job",
    year    = 2007,
    journal = "Wikipedia, the free encyclopedia",
}

@article{greylisting,
    author  = "Bjarne Lundgren",
    url     = "http://www.greylisting.org/",
    title   = "Greylisting",
    year    = 2007,
    journal = "Greylisting information",
}

@article{policyd-weight,
    author  = "Robert Felber ",
    url     = "http://www.policyd-weight.org/",
    title   = "policyd-weight - A policy daemon for Postfix",
    year    = 2006,
    journal = "Policyd-weight website",
}

@article{policyd,
    author  = "Cami",
    url     = "http://policyd.sourceforge.net/",
    title   = " Policy Daemon",
    year    = 2006,
    journal = "Policy Daemon documentation",
}

@article{policy-servers,
    author  = "Wietse Venema",
    url     = "http://www.postfix.org/SMTPD_POLICY_README.html",
    title   = "Postfix SMTP Access Policy Delegation",
    year    = 2007,
    journal = "Postfix documentation",
}

article{,
    author  = "",
    url     = "",
    title   = "",
    year    = ,
    journal = "",
}

article{,
    author  = "",
    url     = "",
    title   = "",
    year    = ,
    journal = "",
}

article{,
    author  = "",
    url     = "",
    title   = "",
    year    = ,
    journal = "",
}

article{,
    author  = "",
    url     = "",
    title   = "",
    year    = ,
    journal = "",
}

article{,
    author  = "",
    url     = "",
    title   = "",
    year    = ,
    journal = "",
}
